@inproceedings{Salamon:UrbanSound:ACMMM:14,
    Address = {Orlando, FL, USA},
    Author = {Salamon, J. and Jacoby, C. and Bello, J. P.},
    Booktitle = {22st {ACM} International Conference on Multimedia ({ACM-MM'14})},
    Month = {Nov.},
    Title = {A Dataset and Taxonomy for Urban Sound Research},
    Year = {2014}
}

@article{Crocco:2016:ASS:2891449.2871183,
 author = {Crocco, Marco and Cristani, Marco and Trucco, Andrea and Murino, Vittorio},
 title = {Audio Surveillance: A Systematic Review},
 journal = {ACM Comput. Surv.},
 issue_date = {May 2016},
 volume = {48},
 number = {4},
 month = feb,
 year = {2016},
 issn = {0360-0300},
 pages = {52:1--52:46},
 articleno = {52},
 numpages = {46},
 url = {http://doi.acm.org/10.1145/2871183},
 doi = {10.1145/2871183},
 acmid = {2871183},
 publisher = {ACM},
 address = {New York, NY, USA},
 keywords = {Automated surveillance, audio surveillance, multimodal surveillance},
} 